%%%%%%%%%%%%%%%%%%%%%%%%%% motivation

@online{ccpa,
	author = {{Californians for Consumer Privacy}},
	title = {California Consumer Privacy Act (CCPA)},
	year = 2019,
	url = {https://www.caprivacy.org},
	urldate = {2019-04-18}
}

@online{gdpr,
	author = {{EU GDPR.ORG}},
	title = {The EU General Data Protection Regulation (GDPR)},
	year = 2019,
	url = {https://eugdpr.org/},
	urldate = {2019-04-18}
}

@online{google-fined,
	author = {{The New York Times}},
	title = {Google Is Fined \$57 Million Under Europeâ€™s Data Privacy Law},
	year = 2019,
	url = {https://www.nytimes.com/2019/01/21/technology/google-europe-gdpr-fine.html},
	urldate = {2019-04-18}
}

%%%%%%%%%%%%%%%%%%%%%%%%%% leakage detection
@book{shabtai2012survey,
  title={A survey of data leakage detection and prevention solutions},
  author={Shabtai, Asaf and Elovici, Yuval and Rokach, Lior},
  year={2012},
  publisher={Springer Science \& Business Media}
}

@article{shapira2013content,
	title={Content-based data leakage detection using extended fingerprinting},
	author={Shapira, Yuri and Shapira, Bracha and Shabtai, Asaf},
	journal={arXiv preprint arXiv:1302.2028},
	year={2013}
}

@inproceedings{shu2012data,
	title={Data leak detection as a service},
	author={Shu, Xiaokui and Yao, Danfeng Daphne},
	booktitle={International Conference on Security and Privacy in Communication Systems},
	pages={222--240},
	year={2012},
	organization={Springer}
}

@article{arifin2018novel,
	title={A novel data-driven leak detection and localization algorithm using the Kantorovich distance},
	author={Arifin, BMS and Li, Zukui and Shah, Sirish L and Meyer, Gordon A and Colin, Amanda},
	journal={Computers \& Chemical Engineering},
	volume={108},
	pages={300--313},
	year={2018},
	publisher={Elsevier}
}

@INPROCEEDINGS{ICC18-leak-detection, 
	author={Y. {Lu} and X. {Huang} and Y. {Ma} and M. {Ma}}, 
	booktitle={2018 IEEE International Conference on Communications (ICC)}, 
	title={A Weighted Context Graph Model for Fast Data Leak Detection}, 
	year={2018}, 
	volume={}, 
	number={}, 
	pages={1-6}, 
	doi={10.1109/ICC.2018.8422280}, 
	ISSN={1938-1883}, 
	month={May},}

%%%%%%%%%%%%%%%%%%%%%%%%%% Guilt Detection

@ARTICLE{data-leakage-detection, 
	author={P. {Papadimitriou} and H. {Garcia-Molina}}, 
	journal={IEEE Transactions on Knowledge and Data Engineering}, 
	title={Data Leakage Detection}, 
	year={2011}, 
	volume={23}, 
	number={1}, 
	pages={51-63}, 
	doi={10.1109/TKDE.2010.100}, 
	ISSN={1041-4347}, 
	month={Jan},}

@inproceedings{kumar2014detection,
	title={Detection of data leakage in cloud computing environment},
	author={Kumar, Neeraj and Katta, Vijay and Mishra, Himanshu and Garg, Hitendra},
	booktitle={2014 International Conference on Computational Intelligence and Communication Networks},
	pages={803--807},
	year={2014},
	organization={IEEE}
}

@inproceedings{kumar2013comparative,
	title={Comparative evaluation of algorithms for effective data leakage detection},
	author={Kumar, Ajay and Goyal, Ankit and Kumar, Ashwani and Chaudhary, Navneet Kumar and Kamath, S Sowmya},
	booktitle={2013 IEEE Conference on Information \& Communication Technologies},
	pages={177--182},
	year={2013},
	organization={IEEE}
}

@inproceedings{agrawal2002watermarking,
	title={Watermarking relational databases},
	author={Agrawal, Rakesh and Kiernan, Jerry},
	booktitle={VLDB'02: Proceedings of the 28th International Conference on Very Large Databases},
	pages={155--166},
	year={2002},
	organization={Elsevier}
}

@article{jagtap2012impementation,
	title={IMPEMENTATION OF DATA WATCHER IN DATA LEAKAGE DETECTION SYSTEM},
	author={Jagtap, NP and Patil, SJ and Bhavsar, AK},
	journal={INTERNATIONAL JOURNAL OF COMPUTERS \& TECHNOLOGY},
	volume={3},
	number={1a},
	pages={44--47},
	year={2012},
	publisher={Citeseer}
}

@INPROCEEDINGS{ICBDSC19-probability-smart-city, 
	author={V. {Dattana} and K. {Gupta} and A. {Kush}}, 
	booktitle={2019 4th MEC International Conference on Big Data and Smart City (ICBDSC)}, 
	title={A Probability based Model for Big Data Security in Smart City}, 
	year={2019}, 
	volume={}, 
	number={}, 
	pages={1-6}, 
	doi={10.1109/ICBDSC.2019.8645607}, 
	ISSN={}, 
	month={Jan},}

%%%%%%%%%%%%%%%%%%%%%%%%%% Oblivious Transfer

@inproceedings{kiraz2007efficient,
	title={Efficient committed oblivious transfer of bit strings},
	author={Kiraz, Mehmet S and Schoenmakers, Berry and Villegas, Jos{\'e}},
	booktitle={International Conference on Information Security},
	pages={130--144},
	year={2007},
	organization={Springer}
}

@inproceedings{asharov2013more,
	title={More efficient oblivious transfer and extensions for faster secure computation},
	author={Asharov, Gilad and Lindell, Yehuda and Schneider, Thomas and Zohner, Michael},
	booktitle={Proceedings of the 2013 ACM SIGSAC conference on Computer \& communications security},
	pages={535--548},
	year={2013},
	organization={ACM}
}